% LITERATURE

@article{appelhaken76,
author = {K. Appel and W. Haken},
title = {{Every planar map is four colorable}},
volume = {82},
journal = {Bulletin of the American Mathematical Society},
number = {5},
publisher = {American Mathematical Society},
pages = {711 -- 712},
year = {1976},
}

@misc{kendall24,
  author    = {Kendall, Matthew},
  title     = {Steinitzâ€™ Theorem for Polyhedra},
  year      = {2025},
  note      = {Available online at: \url{https://matthewkendall.github.io/assets/steinitz.pdf}. Accessed: January 8, 2025}
}

% USED FIGURES
@misc{wikimedia-cube-truncation,
  author    = {Ruen, Tom},
  title     = {Cube truncation sequence},
  year      = {2025},
  note      = {Wikimedia Commons. Available online at: \url{https://commons.wikimedia.org/wiki/File:Cube_truncation_sequence.svg}. Accessed: February 17, 2025}
}

@misc{wikimedia-cube-cantellation,
  author    = {Ruen, Tom},
  title     = {Cube cantellation sequence},
  year      = {2025},
  note      = {Wikimedia Commons. Available online at: \url{https://commons.wikimedia.org/wiki/File:Cube_cantellation_sequence.svg}. Accessed: February 17, 2025}
}

% CODE DOCUMENTATION
% IMPORTANT: if the url contains # it is necessary to escape it and type \#

@manual{sagemath-chromatic-number,
  author    = {The SageMath Project},
  title     = {Chromatic number function},
  year      = {2025},
  note      = {SageMath Documentation. Available online at: \url{https://doc.sagemath.org/html/en/reference/graphs/sage/graphs/graph_coloring.html\#sage.graphs.graph_coloring.chromatic_number}. Accessed: February 22, 2025}
}

@manual{sagemath-chromatic-index,
  author    = {The SageMath Project},
  title     = {Edge coloring function},
  year      = {2025},
  note      = {SageMath Documentation. Available online at: \url{https://doc.sagemath.org/html/en/reference/graphs/sage/graphs/graph_coloring.html\#sage.graphs.graph_coloring.edge_coloring}. Accessed: February 22, 2025}
}
