%
%  An example of a bibliographical database in BibTeX format,
%  which is used by biblatex to create the list of referenced works.
%
%  Academic search engines and software for maintenance of bibliography
%  often supports exporting records in BibTeX format. We recommend:
%
%    - Google Scholar (https://scholar.google.com/)
%    - JabRef (https://www.jabref.org/)
%    - zoterobib (https://zbib.org/)
%
%  BEWARE:
%
%    *  If a name contains a capital letter, which must be kept such,
%       use curly brackets ({T}hailand, {HIV}).
%
%  ===========================================================================

% LITERATURE

@article{brooks41, 
title={On colouring the nodes of a network}, 
volume={37}, 
DOI={10.1017/S030500410002168X}, 
number={2}, 
journal={Mathematical Proceedings of the Cambridge Philosophical Society}, 
author={Brooks, R. L.}, 
year={1941}, 
pages={194–197}
}

@article{appelhaken76,
author = {K. Appel and W. Haken},
title = {{Every planar map is four colorable}},
volume = {82},
journal = {Bulletin of the American Mathematical Society},
number = {5},
publisher = {American Mathematical Society},
pages = {711 -- 712},
year = {1976},
}

@article{misra92,
title = {A constructive proof of Vizing's theorem},
journal = {Information Processing Letters},
volume = {41},
number = {3},
pages = {131-133},
year = {1992},
issn = {0020-0190},
doi = {https://doi.org/10.1016/0020-0190(92)90041-S},
url = {https://www.sciencedirect.com/science/article/pii/002001909290041S},
author = {J. Misra and David Gries},
keywords = {Analysis of algorithms, program correctness, graph algorithms, graph coloring}
}

@book{behzad65,
  title={Graphs and Their Chromatic Numbers},
  author={Behzad, M.},
  url={https://books.google.cz/books?id=PHJQnQEACAAJ},
  year={1965},
  publisher={Michigan State University. Department of Mathematics}
}

@book{marrwall2013,
  author    = {Alison M. Marr and W. D. Wallis},
  title     = {Magic Graphs},
  edition   = {2},
  publisher = {Birkhäuser New York, NY},
  year      = {2013},
  doi       = {10.1007/978-0-8176-8391-7},
  isbn      = {978-0-8176-8390-0},
  eisbn     = {978-0-8176-8391-7},
  pages     = {XVI, 188},
  url       ={http://ndl.ethernet.edu.et/bitstream/123456789/77326/1/52.pdf}
}

@book{chartrand2019,
  author    = {Gary Chartrand and Ping Zhang},
  title     = {Chromatic Graph Theory},
  year      = {2019},
  edition   = {2nd},
  publisher = {Chapman and Hall/CRC},
  doi       = {10.1201/9780429438868}
}

@book{matousek2009,
  author    = {Jiří Matoušek and Jaroslav Nešetřil},
  title     = {Invitation to Discrete Mathematics},
  year      = {2009},
  edition   = {2},
  publisher = {Oxford University Press},
  address   = {Oxford; New York},
  isbn      = {978-0198570424},
  pages     = {443},
  language  = {English}
}

@article{caka2007,
  author    = {P. J. Cameron and K. K. Kayibi},
  title     = {Orbital chromatic and flow roots},
  journal   = {Combinatorics, Probability and Computing},
  volume    = {16},
  year      = {2007},
  pages     = {401--407},
  doi       = {10.1017/S0963548306008200}
}


@article {vizing68,
    AUTHOR = {Vizing, V. G.},
     TITLE = {Some unsolved problems in graph theory},
   JOURNAL = {Uspehi Mat. Nauk},
  FJOURNAL = {Akademija Nauk SSSR i Moskovskoe Matemati\v ceskoe Ob\v s\v
              cestvo. Uspehi Matemati\v ceskih Nauk},
    VOLUME = {23},
      YEAR = {1968},
    NUMBER = {6(144)},
     PAGES = {117--134},
      ISSN = {0042-1316},
   MRCLASS = {05.40},
  MRNUMBER = {240000},
MRREVIEWER = {J.\ Bos\'ak},
}


@article{chartrand08,
 Author = {Chartrand, Gary and Johns, Garry L. and McKeon, Kathleen A. and Zhang, Ping},
 Title = {Rainbow connection in graphs.},
 FJournal = {Mathematica Bohemica},
 Journal = {Math. Bohem.},
 ISSN = {0862-7959},
 Volume = {133},
 Number = {1},
 Pages = {85--98},
 Year = {2008},
 Language = {English},
 DOI = {10.21136/MB.2008.133947},
 Keywords = {05C15,05C38,05C40},
 URL = {https://eudml.org/doc/32579},
 zbMATH = {5595929},
 Zbl = {1199.05106}
}

@misc{kendall24,
  author    = {Kendall, Matthew},
  title     = {Steinitz’ Theorem for Polyhedra},
  year      = {2025},
  note      = {Available online at: \url{https://matthewkendall.github.io/assets/steinitz.pdf}. Accessed: January 8, 2025}
}

% USED FIGURES
@misc{wikimedia-cube-truncation,
  author    = {Ruen, Tom},
  title     = {Cube truncation sequence},
  year      = {2025},
  note      = {Wikimedia Commons. Available online at: \url{https://commons.wikimedia.org/wiki/File:Cube_truncation_sequence.svg}. Accessed: February 17, 2025}
}

@misc{wikimedia-cube-cantellation,
  author    = {Ruen, Tom},
  title     = {Cube cantellation sequence},
  year      = {2025},
  note      = {Wikimedia Commons. Available online at: \url{https://commons.wikimedia.org/wiki/File:Cube_cantellation_sequence.svg}. Accessed: February 17, 2025}
}

@misc{natal-polyhed-viewer,
  author = {Nat Alison},
  title = {Polyhedra Viewer},
  year = {2018},
  url = {https://polyhedra.tessera.li},
  note = {Geometric data from Virtual Polyhedra by George W. Hart.}
}

% CODE DOCUMENTATION
% IMPORTANT: if the url contains # it is necessary to escape it and type \#

@manual{sagemath,
  key          = {SageMath},
  title        = {SageMath, the Sage Mathematics Software System (Version 10.5)},
  author       = {The Sage Developers},
  url         = {https://www.sagemath.org},
  year         = {2024}
}

@techreport{read1987chromatic,
  author       = {R. Read},
  title        = {An Improved Method for Computing Chromatic Polynomials of Sparse Graphs},
  institution  = {Department of Combinatorics and Optimization, University of Waterloo},
  type         = {Technical Report},
  number       = {CORR 87-20},
  year         = {1987}
}

